@MANUAL{beamer,
  title = {The \textsc{beamer} class User Guide for version 3.30.},
  author = {Till Tantau and Joseph Wright and Vedran Mileti{\'c}},
  url = {http://www.ctan.org/tex-archive/info/l2tabu/english},
  note = {{English} translation of the original German version. Available by the command \texttt{texdoc beamer}.},
}
@manual{l2tabu,
  title = {An essential guide to {\LaTeXe} usage:
  Obsolete commands and packages},
  author = {J{\"u}rgen Fenn},
  note = {Available by the command \texttt{texdoc l2tabu}.},
}

@misc{notefullcite,
  title = {biblatex: numbered citations as footnotes},
  author = {Joseph Wright},
  url = {http://www.texdev.net/2010/03/08/biblatex-numbered-citations-as-footnotes/},
  year = {2010},
  month = mar,
}
@misc{fncoexistence1,
  url = {http://tex.stackexchange.com/questions/20754/tuning-numbered-citations-as-footnote},
  note = {Vanilla footnote coexistence.}
}
@misc{fncoexistence2,
  url = { http://tex.stackexchange.com/questions/20787/biblatex-cite-with-footnote-only-once-with-use-of-brackets},
  note = {Another reference about vanilla footnote coexistence.}
}

@misc{leoliu,
  title = {More {\TeX} Talk},
  author = {Leo Liu},
  url = {http://www.newsmth.net/bbscon.php?bid=460&id=307004},
  note = {In Chinese.},
  month = may,
  year = {2011},
}

@article{hoeppner,
  title = {Strategies for including graphics in {\LaTeX} documents},
  author = {Klaus H{\"o}ppner},
  url = {http://www.tug.org/TUGboat/tb26-1/hoeppner.pdf},
  journal = {TUGboat},
  volume = {26},
  number = {1},
  year = {2005},
  pages = {59--62},
  note = {A talk at the {P}ractical {\TeX} 2005 {C}onference.},
}

@misc{blurry,
  url = {http://tex.stackexchange.com/questions/1162/included-png-appears-blurry-in-pdf},
}
@misc{blurry2,
  url = {http://tex.stackexchange.com/questions/10975/my-pixel-perfect-picture-gets-blurry-when-compiled-in-latex},
}

@book{elements,
  title = {The Elements of Style},
  author = {Strunk, Jr, William},
  url = {http://www.bartleby.com/br/141.html},
  edition = {First},
}

@misc{commonerrors,
  url = {http://www.ece.ucdavis.edu/~jowens/commonerrors.html},
  author = {John Owens},
  title = {Common Errors in Technical Writing},
}
@misc{biberrors,
  url = {http://www.ece.ucdavis.edu/~jowens/biberrors.html},
  author = {John Owens},
  title = {Common Errors in Bibliographies},
}

@BOOK{liu2013latex,
  title = {{\LaTeX}入门},
  publisher = {电子工业出版社},
  year = {2013},
  author = {刘海洋}
}

